%Bibliography

@ARTICLE{schatz94,
author = "B. R. Schatz and J. B. Hardin",
title = "{NCSA Mosaic and the World Wide Web: Global Hypermedia
                  Protocols for the Internet}",
year = "August 1994",
journal ="Science ",
volume = "265",
pages = "895-901"
}


@MISC{mosaic93,
  author = {Wikipedia},
  title = {Mosaic\_(web\_browser},
  howpublished = {http://en.wikipedia.org/wiki/Mosaic\_\%28web\_browser\%29}
}

@MISC{netcraft-Web-survey,
  author = {Netcraft},
  title = {Netcraft Web Server Survey},
  howpublished = {http://news.netcraft.com/archives/web\_server\_survey.html}
}

@MISC{W3C-dom,
  author = {W3C},
  title = {Document Object Model (DOM)},
  howpublished = {http://www.w3.org/DOM/}
}


@MISC{Web-malware-survey,
  author = {Elinor Mills},
  title = {Survey: Web-based malware puts corporations at risk},
  howpublished = {http://news.cnet.com/8301-1009\_3-10047118-83.html}
}

@MISC{js-wikipedia,
  author = {Wikipedia},
  title = {JavaScript},
  howpublished = {http://en.wikipedia.org/wiki/JavaScript}
}

@MISC{js-ecma-std,
  author = {ECMA},
  title = {ECMA Standard},
  howpublished = {http://www.ecma-international.org/publications/files/ECMA-ST/Ecma-262.pdf}
}


@MISC{webapp,
  author = {Wikipedia},
  title = {Web application},
  howpublished = {http://en.wikipedia.org/wiki/Web\_application}
}

@MISC{stunnix-obf,
  author = {Stunnix},
  title = {Stunnix JavaScript Obfuscator Tool},
  howpublished = {http://www.stunnix.com/prod/jo/}
}

@MISC{iWeb-obf,
  author = {iWeb},
  title = {iWeb JavaScript Obfuscator Tool},
  howpublished = {http://www.virtualpromote.com/tools/javascript-encrypt/}
}

@ARTICLE{endler-xss02,
author = "D. Endler",
title = "{The Evolution of Cross-Site Scripting attacks}",
year = "May 2002",
journal ="Whitepaper, iDefense Inc",
howpublished = {http://www.cgisecurity.com/lib/XSS.pdf}
}

@ARTICLE{hartstein-sans08,
author = {B. Hartstein},
title = "{Intrusion Detection Likelihood: A Risk-Based Approach}",
year = {November 2008},
journal ={SANS Institute InfoSec Reading Room},
}

@ARTICLE{symantec-webreport09,
author = {Symantec},
title = "{Web Based Attacks}",
year = "February 2009",
}

@ARTICLE{feinstein07,
author = {B. Feinstein and D. Peck},
title = {Caffeine monkey: Automated collection, detection and analysis of malicious javascript},
year = "2007",
journal ={Blackhat}
}

@MISC{sans20,
  author = {The SANS Institute},
  title = {Sans top-20},
  howpublished = {http://www.sans.org/top20/},
}

@MISC{wepawet,
  author = {Computer security Group at UCSB},
  title = {Wepawet},
  howpublished = {http://wepawet.iseclab.org/},
}

@MISC{schenette,
  author = {S. Chenette},
  title = {ToorConx - The Ultimate Deobfuscator},
  howpublished = {http://securitylabs.websense.com/content/Blogs/3198.aspx}
}


@MISC{wiki-xss,
  author = {Wikipedia},
  title = {Cross-site scripting},
  howpublished = "{http://en.wikipedia.org/wiki/Cross-site\_scripting}"
}

@MISC{mozilla-sop,
  author = {J. Ruderman},
  title = {Same Origin Policy},
  howpublished = {http://www.mozilla.org/projects/security/components/same-origin.html}
}

@MISC{noscript,
  author = {G. Maone},
  title = {NoScript},
  howpublished = {http://noscript.net},
  year = 2009
}

@MISC{wiki-js,
  author = {Wikipedia},
  title = {JavaScript},
  howpublished = {http://en.wikipedia.org/wiki/JavaScript\#Security}
}

@MISC{harstein-jsunpack,
  author = {B. Harstein},
  title = {JSUnpack},
  howpublished = {http://jsunpack.jeek.org/dec/go/}
}

@INPROCEEDINGS{bhatkar03,
author = {S. Bhatkar and D. C. DuVarney and R. Sekar},
title = { Address Obfuscation: An efficient approach to combat a broad range of memory error exploits},
booktitle ={In Proceedings of the 12th USENIX Security Symposium},
year = {August 2003}
}

@INPROCEEDINGS{Linn03obfuscationof,
    author = {Cullen Linn and Saumya Debray},
    title = {Obfuscation of Executable Code to Improve Resistance to Static Disassembly},
    booktitle = {In ACM Conference on Computer and Communications Security (CCS},
    year = {2003},
    pages = {290--299},
    publisher = {ACM Press}
}

@INPROCEEDINGS{RoyalHDEL06,
  author = {P. Royal and M. Halpin and D Dagon and R Edmonds and W. Lee},
  title = {PolyUnpack: Automating the hidden-code extraction of unpack-executing malware },
  booktitle = {In ACSAC '06 : Proceedings of the 22nd Annual Computer Security Applications Conference on Annual Computer Security Conference} ,
  publisher = {IEEE Computer Society},
  pages = {289-300},
  year = {2006},
}

@INPROCEEDINGS{Christodorescu05semantics-awaremalware,
    author = {Mihai Christodorescu and Somesh Jha and Sanjit A and Seshia Dawn Song and Randal E. Bryant},
    title = {Semantics-Aware Malware Detection},
    booktitle = {In IEEE Symposium on Security and Privacy},
    year = {2005},
    pages = {32--46}
}

@inproceedings{KPY2007,
  author = {Min Gyung Kang and Pongsin Poosankam and Heng Yin}, 
  title = {Renovo: A Hidden Code Extractor for Packed Executables},
  booktitle = {Proceedings of the 5th {ACM} Workshop on Recurring Malcode
	({WORM'7}) },
  year = {2007},
  month = {October},
}


@TECHREPORT{Christodorescu05malwarenormalization,
    author = {Mihai Christodorescu and Johannes Kinder and Somesh Jha and Stefan Katzenbeisser and Helmut Veith and Technische UniversitÃ¤t MÃ¼nchen},
    title = {Malware normalization},
    institution = {},
    year = {2005}
}

@article{DBLP:journals/corr/abs-0905-4581,
  author    = {Piotr Bania},
  title     = {Generic Unpacking of Self-modifying, Aggressive, Packed
               Binary Programs},
  journal   = {CoRR},
  volume    = {abs/0905.4581},
  year      = {2009},
  ee        = {http://arxiv.org/abs/0905.4581},
  bibsource = {DBLP, http://dblp.uni-trier.de}
}

@INPROCEEDINGS{Martignoni07omniunpack:fast,
    author = {Lorenzo Martignoni and Mihai Christodorescu and Somesh Jha},
    title = {Omniunpack: Fast, generic, and safe unpacking of malware},
    booktitle = {In Proceedings of the Annual Computer Security Applications Conference (ACSAC), Miami Beach, Florida, USA.},
    month = {December},
    year = {2007},
    publisher = {IEEE Computer Society}
}

@inproceedings{EURECOM+2776, 
  author = {Egele, Manuel and Wurzinger, Peter and Kruegel, Christopher and Kirda, Engin }, 
  title = {Defending browsers against drive-by downloads : mitigating heap-spraying code injection attacks},   
  booktitle = {DIMVA'09, 6th International Conference on Detection of Intrusions and Malware \& Vulnerability Assessment, July 9-10, 2009, Milan, Italy, also published in Springer LNCS}, 
  month = {07},
  year = {2009}
}

@inproceedings{hallaraker05:javascript,
  author = {O. Hallaraker and G. Vigna},
  title = {{Detecting Malicious JavaScript Code in Mozilla}},
  booktitle = {Proceedings of the IEEE International Conference on Engineering of Complex Computer Systems (ICECCS)},
  pages = {85--94}, 
  year = {2005},
  month = {June}
}

@inproceedings{aguha09www,
  Author = {Arjun Guha and Shriram Krishnamurthi and Trevor Jim},
  Title = {Using Static Analysis for Ajax Intrusion Detection},
  Booktitle = {18th International World Wide Web Conference (WWW2009)},
  Year = {2009},
  Month = {April}
}

@inproceedings{likarish09malware,
  Author = {Peter Likarish and Eunjin Jung and Insoon Jo},
  Title = {Obfuscated Malicious JavaSCript Detection using Classification Techniques},
  Booktitle = {4th International Malicious and Unwanted Software (Malware 2009) },
  Year = {2009},
  Month = {October}
}

@INPROCEEDINGS{Reis06browsershield:vulnerability-driven,
    author = {Charles Reis and John Dunagan and Helen J. Wang and Opher Dubrovsky and Saher Esmeir},
    title = {BrowserShield: Vulnerability-Driven Filtering of Dynamic HTML},
    booktitle = {In Proc. OSDI},
    year = {2006}
}

@MISC{unpacker-archive,
  author = {Unpacker tool},
  title = {The Unpacker Archieve},
  howpublished = {http://www.woodmann.com/crackz/Tools/Unpckarc.zip}
}

@MISC{PEiD,
  author ={Jibz and Qwerton and snaker and xineohP},
  title = {PEiD},
  howpublished = {http://www.peid.info/}
}


INPROCEEDINGS{ ,
  author = {},
  title = { },
  booktitle = { } ,
  year = { },
  pages = { },
  publisher = { } 
}


MISC{,
  author = {},
  title = {},
  howpublished = {},
  year = ,
}

ARTICLE{,
author = {},
title = {},
year = {},
journal ={},
volume ={},
pages = {},
}
